% BibTeX database for the paper asme2e.tex
%% bibtexfile{
%% author    = 
"Harry H. Cheng",
%% version   =  "2",
%% date      =  "January  01,
2003",
%% filename  =  "asme2e.bib",
%% address   =  "Integration
Engineering Laboratory
%%              Department of Mechanical and
Aeronautical Engineering
%%              University of California
%%        
     Davis, CA 95616",
%% telephone =  "(530) 752-5020 (office)
%%          
    (530) 752-1028 (lab)
%%               (530) 752-4158 (Fax:)",
%% email  
  =  "<hhcheng at ucdavis.edu>" }

@article{art,
	author	=	"A. Author and
B. Author and C. Author",
	title	=	"Article title",
	journal =   "Journal
{N}ame",
	volume  =	1,
	number	=	5,
	pages   =   "1--3",
	month   =  
"May",
	year	=	1994}

@book{latex,
	author	  =	"L. Lamport",
	title	 
=	"\LaTeX: a Document Preparation System",
	publisher =
"Addison-Wesley",
	year	  =	1986,
	address   =	"Reading,
MA"}

@book{goosens,
	author	  =	"M. Goosens and F. Mittelbach and A.
Samarin",
	title	  =	"The \LaTeX\ Companion",
	publisher
=	"Addison-Wesley",
	address	  =	"Reading, MA",
	year	 
=	1994}

@booklet{blt,
	author	=	"A. Booklet",
	title	=	"Booklet
title",
	howpublished =   "On the WWW",
	address =	"at
\verb+http://www.abc.edu+",
	note	=	"PDF file",
	month   =  
"May",
	year	=	1994}

@inbook{ibk,
	editor    =	"A. Inbook",
	title	 
=	"Book title",
	chapter   = 1,
	pages     = "1--3",
	volume 
=	2,
	series	=	"{Series Title}",
	edition = "$1^{st}$",
	type    =
"{Chap.}",
	publisher =	"Publisher {N}ame",
	address   =	"Publisher
address",
	note      = "See also URL \verb+http://www.abc.edu+",
	year	 
=	1991}

@incollection{icn,
	author    =	"A. Incollection",
	title	 
=	"Article title",
	editor    =	"A. Editor",
	booktitle =	"Collection
{T}itle",
	chapter   = 1,
	pages     = "1--3",
	volume 
=	2,
	series	=	"Series title",
	month   =   "May",
	edition =
"$3^{rd}$",
	type    = "{C}hapter",
	publisher =	"Publisher
{N}ame",
	address   =	"Publisher address",
	note      = "See also URL
\verb+http://www.abc.edu+",
	year	  =	1991}

@inproceedings{ips,
	author   
=	"A. Inproceedings",
	title	  =	"Article title",
	editor    =	"A. Editor
and B. Editor",
	booktitle =	"Proceedings {T}itle",
	volume  =	"{\bf
1}",
	series	=	"Series name",
	pages     = "1--3",
	address   =	"Publisher
address",
	month   =   "May",
	organization =	"Organization
{N}ame",
	publisher =	"Publisher {N}ame",
	note      = "Paper number
1234",
	year	  =	1991}

@manual{asmemanual,
	author    =	"{ASME}",
	title	 
=	"{ASME} Manual {MS-4}, An {ASME} Paper",
	organization =	"The American
Society of Mechanical Engineers",
	edition  = "latest",
	address   =	"New
York",
	note      = "See also URL
\verb+http://www.asme.org/pubs/MS4.html+",
	year	 
=	2003}

@mastersthesis{mts,
     author = "A. Mastersthesis",
     title =
"{Thesis Title}",
     school = "University of Higher Education",
     year
= 2003,
     type = "{MS Thesis}",
     address = "Cambridge, {MA}",
    
month = "May",
     note = "See also URL
\verb+http://www.abc.edu+"}

@misc{mis,
     author = "A. Misc",
     title 
= "Miscellaneous {T}itle",
     howpublished = "On the WWW",
     month =
"May",
     year = "2003",
     note = "URL
\verb+http://www.abc.edu+"}

@phdthesis{pts,
     author = "A. Phdthesis",
 
   title = "{Thesis Title}",
     school = "University of Higher
Education",
     year = 2003,
     type = "{PhD Thesis}",
     address =
"Cambridge, {MA}",
     month = "May",
     note = "See also URL
\verb+http://www.abc.edu+"}

@proceedings{pro,
	title	  =	"Volume
{T}itle",
	year	  =	1991,
	editor    =	"A. Proceedings",
	volume   
=	1,
	series	  =	"Proceedings {S}eries",
	address   =	"Publisher
address",
	month   =   "May",
	organization =	"Organization
{N}ame",
	publisher =	"Publisher {N}ame",
	note      = "See also URL
\verb+http://www.abc.edu+"}

@techreport{trt,
     author = "A.
Techreport",
     title = "{Techreport title}",
     institution =
"University of Higher Education",
     year = "2003",
     type = "Progress
report",
     number = "1",
     address = "Cambridge, {MA}",
     month =
"May",
     note = "See also URL
\verb+http://www.abc.edu+"}

@unpublished{upd,
     author = "A.
Unpublished",
     title = "{Unpublished document title}",
     note = "See
also URL \verb+http://www.abc.edu+",
     month = "May",
     year = 2003}

@misc{canny,
  title = {Canny Edge Detection},
  author = {OpenCV Documentary},
  howpublished = {\url{https://docs.opencv.org/4.x/da/d22/tutorial_py_canny.html}},
  note = {Accessed: 2022-05-09}
}

@misc{opencv_cvtColor,
  title = {cvtColor},
  author = {OpenCV Documentary},
  howpublished = {\url{https://docs.opencv.org/3.4/d8/d01/group__imgproc__color__conversions.html#ga397ae87e1288a81d2363b61574eb8cab}},
  note = {Accessed: 2022-05-09}
}


@misc{opencv_rgb2gray,
  title = {Color Convertion RGB to Gray},
  author = {OpenCV Documentary},
  howpublished = {\url{https://docs.opencv.org/3.4/de/d25/imgproc_color_conversions.html#color_convert_rgb_gray}},
  note = {Accessed: 2022-05-09}
}

@misc{opencv_imread,
  title = {imread},
  author = {OpenCV Documentary},
  howpublished = {\url{https://docs.opencv.org/3.4/d4/da8/group__imgcodecs.html#ga288b8b3da0892bd651fce07b3bbd3a56}},
  note = {Accessed: 2022-05-09}
}

@misc{opencv_gaussianblur,
  title = {GaussianBlur},
  author = {OpenCV Documentary},
  howpublished = {\url{https://docs.opencv.org/4.x/d4/d86/group__imgproc__filter.html#gaabe8c836e97159a9193fb0b11ac52cf1}},
  note = {Accessed: 2022-05-09}
}

@misc{opencv_getgaussiankernel,
  title = {getGaussianKernel},
  author = {OpenCV Documentary},
  howpublished = {\url{https://docs.opencv.org/4.x/d4/d86/group__imgproc__filter.html#gac05a120c1ae92a6060dd0db190a61afa}},
  note = {Accessed: 2022-05-09}
}

@misc{opencv_smoothingimages,
  title = {Smoothing Images},
  author = {OpenCV Documentary},
  howpublished = {\url{https://docs.opencv.org/4.x/d4/d13/tutorial_py_filtering.html}},
  note = {Accessed: 2022-05-09}
}


@misc{opencv_canny,
  title = {Canny},
  author = {OpenCV Documentary},
  howpublished = {\url{https://docs.opencv.org/4.x/dd/d1a/group__imgproc__feature.html#ga04723e007ed888ddf11d9ba04e2232de}},
  note = {Accessed: 2022-05-09}
}

@misc{opencv_findcontours,
  title = {FindContours},
  author = {OpenCV Documentary},
  howpublished = {\url{https://docs.opencv.org/4.x/d3/dc0/group__imgproc__shape.html#gadf1ad6a0b82947fa1fe3c3d497f260e0}},
  note = {Accessed: 2022-05-12}
}

@misc{opencv_adaptivethreshold,
  title = {adaptiveThreshold},
  author = {OpenCV Documentary},
  howpublished = {\url{https://docs.opencv.org/4.x/d7/d1b/group__imgproc__misc.html#ga72b913f352e4a1b1b397736707afcde3}},
  note = {Accessed: 2022-05-12}
}

@misc{opencv_adaptivetypes,
  title = {AdaptiveThresholdTypes},
  author = {OpenCV Documentary},
  howpublished = {\url{https://docs.opencv.org/4.x/d7/d1b/group__imgproc__misc.html#ggaa42a3e6ef26247da787bf34030ed772cad0c5199ae8637a6b195062fea4789fa9}},
  note = {Accessed: 2022-05-12}
}

@misc{opencv_retrievalmode,
  title = {RetrievalMode},
  author = {OpenCV Documentary},
  howpublished = {\url{https://docs.opencv.org/4.x/d3/dc0/group__imgproc__shape.html#ga819779b9857cc2f8601e6526a3a5bc71}},
  note = {Accessed: 2022-05-12}
}

@misc{opencv_approxmode,
  title = {ContourApproximationModes},
  author = {OpenCV Documentary},
  howpublished = {\url{https://docs.opencv.org/4.x/d3/dc0/group__imgproc__shape.html#ga4303f45752694956374734a03c54d5ff}},
  note = {Accessed: 2022-05-12}
}

@misc{l2_norm,
  title = {L2-Norm},
  author = {Weisstein, Eric W.},
  howpublished = {\url{https://mathworld.wolfram.com/L2-Norm.html}},
  note = {Accessed: 2022-05-09}
}

@misc{l1_norm,
  title = {L1-Norm},
  author = {Weisstein, Eric W.},
  howpublished = {\url{https://mathworld.wolfram.com/L1-Norm.html}},
  note = {Accessed: 2022-05-09}
}


@ARTICLE{canny_paper,  
author={Canny, John}, 
journal={IEEE Transactions on Pattern Analysis and Machine Intelligence},   
title={A Computational Approach to Edge Detection},   
year={1986},  
volume={PAMI-8}, 
number={6}, 
pages={679-698}, 
doi={10.1109/TPAMI.1986.4767851}}


@article{SUZUKI198532,
title = {Topological structural analysis of digitized binary images by border following},
journal = {Computer Vision, Graphics, and Image Processing},
volume = {30},
number = {1},
pages = {32-46},
year = {1985},
issn = {0734-189X},
doi = {https://doi.org/10.1016/0734-189X(85)90016-7},
url = {https://www.sciencedirect.com/science/article/pii/0734189X85900167},
author = {Satoshi Suzuki and KeiichiA be},
}

@article{RAMER1972244,
title = {An iterative procedure for the polygonal approximation of plane curves},
journal = {Computer Graphics and Image Processing},
volume = {1},
number = {3},
pages = {244-256},
year = {1972},
issn = {0146-664X},
doi = {https://doi.org/10.1016/S0146-664X(72)80017-0},
url = {https://www.sciencedirect.com/science/article/pii/S0146664X72800170},
author = {Urs Ramer},
}


@article{doi:10.3138/FM57-6770-U75U-7727,
author = {DOUGLAS, DAVID H and PEUCKER, THOMAS K},
title = {ALGORITHMS FOR THE REDUCTION OF THE NUMBER OF POINTS REQUIRED TO REPRESENT A DIGITIZED LINE OR ITS CARICATURE},
journal = {Cartographica: The International Journal for Geographic Information and Geovisualization},
volume = {10},
number = {2},
pages = {112-122},
year = {1973},
doi = {10.3138/FM57-6770-U75U-7727},
}


